@book{pape_barefoot,
    title = {The Barefoot Investor},
    subtitle = {The only money guide you'll ever need},
    author = {Scott Pape},
    isbn = {9780730324225},
    year = {2017},
    publisher = {John Wiley \& Sons Australia, Ltd}
}

@online{investopedia_retail_banking,
    title = "Retail Banking",
    url = "https://www.investopedia.com/terms/r/retailbanking.asp",
    urldate = {2020-01-12}
}

@online{investopedia_term_deposit,
    title = "Term Deposit",
    url = "https://www.investopedia.com/terms/t/termdeposit.asp",
    urldate = {2020-01-14}
}

@online{moneysmart_super,
	title = "Moneysmart | Superannuation and Retirement",
	url = "https://www.moneysmart.gov.au/superannuation-and-retirement",
	urldate = {2020-01-15}
}

@online{ato_super,
	title = "Super",
	url = "https://www.ato.gov.au/Super",
	urldate = {2020-01-15}
}

@online{wikipedia_cloud_computing,
	title = "Cloud computing",
	url = "https://en.wikipedia.org/wiki/Cloud_computing",
	urldate = {2020-01-26}
}

@book{hubbard_hubbard,
	title = {Vector Calculus, Linear Algebra, and Differential Forms},
	subtitle = {A Unified Approach},
	edition = {Second Edition},
	author = {John H. Hubbard and Barbara Burke Hubbard},
	year = {2002},
	publisher = {Prentice-Hall, Inc.}
}
	